2828 5212
301 746 487 797 ιιιιιιιιιι
512 746 656 797 unctu.
678 745 761 800 tce.
786 745 836 794 ιι.
860 744 914 795 sc.
934 745 959 794 1.
1096 730 1184 797 1565

504 992 659 1063 Actus
703 994 768 1060 lv.

115 1201 208 1249 Sem
225 1211 244 1247 ι.
268 1198 364 1250 Satura
383 1205 427 1250 eat
447 1200 505 1250 nac
526 1213 615 1262 neena,
653 1206 713 1251 eret
733 1205 817 1262 terte,
831 1199 877 1249 aed
899 1199 960 1250 inde
983 1199 1102 1265 conjicit,
1121 1198 1183 1265 quie

83 1274 209 1325 lambieie
236 1284 265 1324 et
283 1275 433 1325 Troehainie
454 1275 613 1326 catalecticie
653 1276 716 1325 ‘Ira
727 1277 874 1341 corripuit:
882 1280 932 1327 dte.
944 1277 1007 1327 Mer.
1020 1277 1183 1327 Ceaoudonuee

82 1357 214 1411 eonem,
223 1356 253 1400 et
268 1350 409 1401 eeenndnm
419 1351 544 1416 quondam
556 1364 614 1400 aee·
687 1357 703 1401 t
721 1354 763 1402 Ito
780 1353 898 1417 corripuit
919 1352 1055 1417 derepente]
1075 1353 1183 1417 Raptim

82 1426 221 1477 teieeticie.
252 1428 440 1478 lterumnimie
456 1429 504 1478 eibi
520 1428 614 1492 permi·
655 1427 753 1479 intulit.
786 1430 822 1479 Et
836 1431 968 1493 derepente,
985 1443 1036 1478 una
1055 1443 1185 1492 pertore·

82 1505 261 1554 eeraetenutte
272 1506 377 1555 eruditi.
389 1521 441 1570 quo
451 1505 549 1556 factum
564 1513 614 1569 eet,
655 1505 732 1555 tionie
744 1511 794 1565 eet,
803 1511 832 1555 ut
842 1504 956 1566 defmua.
964 1505 1095 1554 adverbiis
1103 1505 1183 1554 etiam

84 1587 176 1631 utnon
187 1583 350 1633 emendetiue
366 1591 477 1634 metrum
495 1585 543 1634 aed
559 1597 614 1641 mo·
654 1583 850 1649 prepoeitionee
861 1583 1003 1648 oeperatim
1019 1595 1070 1631 non
1085 1580 1184 1631 addan·

83 1656 268 1709 leetiuefieret.
654 1666 706 1709 tur.
723 1659 842 1708 Donata.

117 1732 149 1783 in
170 1735 220 1785 hae
242 1750 320 1785 neena
339 1736 448 1786 aiteram
468 1742 617 1786 matronam
686 1735 835 1800 Derepente]
849 1734 930 1798 'totu
964 1734 1033 1785 Nem
1046 1735 1185 1799 eteeparaa

83 1822 167 1859 eenex
184 1810 294 1860 maritae
307 1812 397 1875 jurgio
414 1811 547 1862 adoritur:
567 1810 613 1861 aed
654 1812 733 1875 neria,
751 1826 803 1862 non
824 1820 867 1864 eet
884 1813 1014 1875 latinum,
1030 1813 1060 1861 de
1080 1816 1186 1875 repente.

83 1883 131 1933 ilia
143 1885 200 1947 plue
210 1888 362 1937 coneteetiee
373 1887 463 1948 babet,
481 1902 557 1952 queam
567 1888 614 1937 So·
653 1886 736 1938 Idem.
1181 1922 1184 1926 -

84 1965 176 2009 amu.
199 1961 288 2025 itaque
311 1963 464 2026 patientiam
487 1963 614 2012 Soatratae
686 1969 702 2014 t
721 1967 793 2023 Quod
809 1966 844 2031 u]
868 1967 945 2033 Quod,
969 1979 1025 2030 pre,
1045 1964 1123 2025 Nem,
1138 1967 1185 2012 aut

84 2050 146 2087 eum
164 2038 285 2088 hebetia
311 2039 453 2099 iracundia,
470 2038 615 2104 Myrrhine
654 2041 759 2107 ltaque.
768 2042 813 2092 aed
823 2048 850 2092 et
862 2056 907 2091 noe
915 2043 941 2092 in
950 2038 1094 2106 hujusmodi
1105 2037 1186 2101 eigni-

84 2110 206 2163 deuotam
221 2127 280 2162 enm
299 2114 401 2164 lenibue
418 2114 542 2178 Phidippi
562 2129 616 2164 mo·
654 2117 777 2169 litatione
789 2119 826 2169 eie
837 2118 957 2168 dicimua.
976 2117 1049 2167 idem.
1075 2132 1079 2141 ·

84 2189 169 2251 tibae,
185 2190 305 2255 apposite
332 2190 419 2241 Podta
441 2191 616 2255 comparavit.
690 2196 760 2251 Quod
777 2196 800 2244 ei
818 2200 842 2244 te
860 2192 981 2257 reeoierit]
1000 2193 1093 2243 Soimae
1103 2190 1186 2241 maui-

85 2264 217 2315 Boeeime.
654 2269 742 2321 seete:
758 2273 870 2321 reeoinuo
880 2271 993 2320 occulta.
1009 2268 1087 2317 Idem.

119 2341 275 2407 Peeiieuid]
293 2343 402 2392 Minoia
421 2343 465 2392 ime
481 2358 552 2393 arene
568 2344 614 2392 ite·
687 2346 719 2396 Id
729 2346 867 2410 quocoueu]
884 2345 983 2409 Id,hoe
1001 2345 1095 2410 ipsum,
1107 2358 1188 2409 pepe·

84 2432 138 2467 raon
148 2419 204 2469 rison
213 2426 248 2469 eet
258 2421 322 2468 aenio
332 2425 404 2482 etque
418 2436 491 2470 um.-
500 2426 525 2470 et
536 2426 616 2469 tomen
654 2421 719 2471 rieee
730 2436 795 2471 enm.
813 2423 889 2471 Idem.

85 2496 151 2546 oeric
159 2498 239 2546 etotio
249 2499 326 2560 nodo,
338 2503 368 2547 et
380 2512 456 2547 onom
470 2498 534 2548 inter
542 2498 614 2546 eodi-
687 2502 702 2546 t
723 2497 776 2546 Non
785 2498 874 2561 edepol
882 2497 942 2559 ecio]
962 2497 1027 2546 ideo
1045 2496 1105 2560 qnia
1122 2510 1186 2545 nera

84 2587 173 2636 mooe,
184 2579 209 2624 et
224 2578 303 2625 tenea
313 2579 389 2637 notun
401 2575 518 2640 poeninas
531 2588 617 2635 egmo-
656 2587 735 2622 eauea
746 2571 798 2623 diei
809 2587 861 2621 non
872 2579 967 2636 poteet.
985 2573 1060 2621 Idem.

84 2663 146 2699 eene.
162 2650 288 2699 Donatum.
688 2654 705 2698 e
722 2649 769 2698 Sed
786 2649 873 2698 notium
890 2647 1038 2712 concrepuit]
1062 2648 1126 2698 Plue
1144 2653 1188 2697 eet

120 2730 135 2776 1
152 2725 240 2776 Perii!
254 2728 312 2791 qaid
322 2726 405 2791 qen]
422 2727 489 2778 Haec
500 2725 617 2791 proloqui
657 2741 733 2791 qnam
746 2727 854 2790 erepat:
871 2740 929 2775 nere
946 2740 990 2774 con
1008 2723 1086 2773 modo
1104 2723 1188 2779 aucti,

85 2808 191 2867 oportet
201 2802 375 2867 Myrrhinam,
393 2810 422 2853 ut
438 2817 472 2853 ea
488 2802 544 2866 ejus
555 2815 618 2866 per·
655 2816 715 2851 enm
726 2808 776 2852 eet.
793 2803 868 2852 Iden.

86 2892 153 2927 eona
173 2879 354 2928 reminiscatur
374 2885 512 2943 epeetator
532 2883 615 2941 geete
687 2880 727 2928 Ad
737 2878 786 2942 ue]
803 2880 876 2929 Bene
886 2880 975 2941 odere,
985 2876 1059 2942 queei
1071 2875 1190 2940 litigetu-

87 2954 126 3003 rei
137 2970 144 3003 ι
156 2955 283 3019 eimnique
293 2968 326 3005 ex
337 2955 412 3020 hujm
430 2968 545 3018 pertenet
558 2968 616 3005 ren·
656 2969 722 3005 rum.
739 2955 814 3005 Iden.

87 3029 141 3091 bie,
159 3029 220 3094 quid
238 3037 300 3095 egat
316 3032 400 3081 attera
411 3045 533 3097 pernone,
544 3044 617 3082 mon·
688 3037 705 3081 't
726 3031 775 3081 Uti
785 3048 823 3082 one
836 3034 868 3082 ed
876 3031 960 3098 fitium
971 3032 1007 3081 ire
1022 3030 1108 3095 unait]
1124 3030 1186 3080 Hoc

86 3113 197 3157 etretur.
214 3106 281 3157 Nam
291 3109 450 3172 perecrutari
459 3108 617 3172 Phidippum
658 3092 804 3159 ante‘rem:
820 3116 850 3159 et
865 3110 941 3159 eimul
951 3114 1131 3171 argumentum
1142 3107 1190 3156 de·

86 3183 207 3233 univerae
227 3184 360 3234 eoneiaeie
381 3190 409 3235 et
426 3185 465 3234 ire
476 3198 524 3249 per
536 3193 617 3236 totam
658 3187 713 3237 iicti
725 3193 776 3247 eet,
788 3186 856 3252 qnod
875 3185 939 3235 exiit
949 3200 964 3234 a
974 3183 1029 3234 filie
1044 3183 1137 3233 marito
1148 3183 1189 3237 ine

88 3258 191 3308 domum
204 3261 310 3324 cognito
326 3269 401 3325 partu
418 3261 480 3311 tiiiae
498 3277 562 3321 aune,
573 3277 618 3326 ep·
658 3279 747 3328 greeae
758 3264 859 3314 mulier.
875 3262 951 3313 idem

88 3342 166 3400 peret
177 3349 210 3384 ex
223 3337 393 3399 pratentibus
405 3335 492 3387 dietie'.
510 3339 585 3387 Idem.
694 3343 763 3390 Uxor
772 3341 814 3390 uti
823 3356 860 3390 one
873 3341 1001 3406 edfitimn]
1012 3337 1135 3389 Miranti·
1144 3343 1190 3389 eet

121 3410 212 3461 Periit
227 3411 285 3475 quid
295 3412 378 3474 egem]
389 3413 494 3477 Singnia
504 3413 543 3462 ite
559 3428 619 3476 pro·
658 3424 747 3480 geetne
755 3422 784 3464 et
795 3415 903 3466 dictum.
920 3416 995 3464 Iden.

89 3488 190 3553 nuntie,
222 3494 251 3538 ut
279 3489 459 3553 perturbatum
487 3489 617 3541 oetendae.
691 3490 725 3539 Se
735 3490 805 3538 duxit
810 3488 892 3551 forna]
910 3487 995 3549 Ordo,
1004 3488 1076 3536 dueit
1085 3503 1118 3537 ee.
1152 3487 1189 3536 tte

89 3565 166 3615 ldeon.
659 3567 747 3617 verbio
757 3581 818 3615 uaue
830 3573 881 3625 eet,
893 3565 963 3613 intra
975 3562 1130 3614 domeetieoe
1142 3576 1189 3625 pa·

124 3641 191 3696 Quid
200 3640 290 3704 qemi
305 3643 512 3708 oooneoorean]
522 3644 619 3708 Figura
659 3643 831 3705 rietee,.artie,
847 3645 883 3705 τῷ
899 3640 1032 3702 umtepp.
1064 3639 1191 3703 Sedueit,

89 3715 522 3783 tuatpnm‚aptotnrbatio.1un.
659 3719 886 3785 pronuntiem.

121 3799 138 3842 2
157 3797 222 3843 Nem
238 3796 331 3845 oudioee
345 3811 423 3845 oooem
431 3797 499 3859 pueri
509 3797 619 3846 onueeet
691 3794 725 3844 Se
739 3794 811 3844 duxit
819 3794 901 3857 soree]
911 3794 1017 3844 Seru-ine
1035 3794 1067 3843 ed
1079 3792 1189 3844 11.AEn.

89 3870 221 3934 rugientia]
243 3872 380 3935 Virgiliue,
404 3872 553 3922 ‘Continuo
575 3887 619 3921 au·
659 3887 718 3923 cuin
733 3872 847 3935 explicat
865 3872 939 3934 iliud,
953 3872 1000 3921 ‘ie
1015 3871 1084 3921 enim
1096 3885 1124 3921 ee
1137 3871 1191 3935 pti·

89 3947 153 3996 ditae
166 3962 253 4008 nucea,
268 3949 372 4011 vagitue
383 3953 413 3997 et
424 3946 618 4010 ingene,1nfan·
659 3964 715 3998 mua
728 3947 839 4009 egebat,'
851 3947 941 3997 addit:
960 3947 1070 3997 Plautus
1082 3946 1107 3995 in
1118 3947 1191 3995 Moe·

89 4027 197 4086 tumque
206 4024 302 4073 animae
314 4021 443 4072 flenteein
462 4022 551 4073 limine
568 4022 619 4086 pri·
661 4025 779 4075 tellaria:
803 4023 898 4073 ‘Unde
919 4024 973 4087 agie
997 4024 1047 4073 te?
1068 4029 1098 4073 ut
1121 4023 1190 4071 enim

89 4097 152 4147 mo.'
183 4099 218 4147 Et
240 4106 281 4148 eat
303 4096 475 4159 ieopmoeodo,
494 4112 553 4146 nem
568 4112 620 4147 nox
661 4116 707 4151 noe
725 4100 883 4149 econtrario
902 4098 1025 4161 dicimua,
1040 4098 1108 4147 duco
1128 4110 1190 4147 me:

90 4173 195 4236 ipeeoie
206 4182 255 4230 eat,
272 4182 302 4224 ut
319 4176 393 4240 queei
409 4176 510 4239 vagitus
522 4176 619 4240 eoepiue
660 4173 881 4241 itaiiii(veteree)
891 4170 1192 4239 agitne,'ietroitpeu.

90 4257 172 4299 tonet.
190 4251 264 4301 idern.
661 4255 790 4304 Boeeleruu.

23 4374 30 4383 ,
124 4327 201 4377 Pueri
218 4327 283 4377 ritae
303 4332 339 4375 eet
361 4328 491 4391 vagientis]
508 4328 622 4390 Proprie
692 4328 784 4391 Duxit]
797 4328 936 4378 Subduxit.
952 4325 1017 4375 Mer.
1030 4323 1192 4375 cmutonno.

90 4402 158 4451 dixit
170 4404 298 4464 nutrientia,
310 4410 338 4452 et
350 4403 484 4453 infantium
498 4409 545 4452 eut.
557 4403 595 4451 Id.
692 4410 708 4455 8
725 4405 804 4467 Atque
817 4417 893 4453 eroon
908 4399 987 4462 eideo]
1006 4399 1126 4464 Apparet
1135 4413 1191 4449 mu-

129 4479 200 4527 Vitue
216 4479 263 4542 eet]
279 4479 424 4541 Quomodo,
442 4478 561 4528 ‘Audire
578 4492 622 4526 ve·
662 4481 751 4531 liorem
768 4478 870 4542 fugere,
886 4481 914 4524 et
930 4475 980 4524 riri
1000 4473 1115 4524 anereari
1127 4488 1192 4536 pne·

92 4573 151 4608 cem
163 4561 219 4609 viee
231 4574 286 4608 eum
299 4556 375 4606 modo
386 4557 492 4607 militie!
511 4558 583 4606 idun.
663 4558 779 4607 tentiam.
796 4563 824 4604 et
839 4554 898 4604 ideo
913 4552 962 4600 hoc
979 4549 1120 4614 separatim
1131 4563 1191 4613 pro·

127 4636 230 4687 Auditae
240 4649 317 4685 eutem
330 4634 400 4698 pueri
418 4635 483 4683 oieue
502 4633 550 4696 eet]
562 4634 624 4683 Non
663 4630 843 4683 nuntiandum.
861 4629 979 4679 nonum.
