2828 5212
260 339 347 407 leto
597 354 705 404 uuum
729 353 928 404 rectorum
954 354 992 403 ιιι

299 496 385 547 Verum
405 494 447 545 ull
467 492 598 557 melmun]
623 495 718 545 Utrum
740 493 789 545 tibi
826 494 909 545 tentio
931 495 996 558 volt,
1021 495 1092 545 iilum
1115 493 1245 547 henim
1274 493 1353 545 servis

262 573 407 634 molestum,
428 586 461 621 un
484 572 559 622 eliis?
575 571 622 622 sed
642 571 709 635 eliis,
728 570 790 636 quie
825 571 903 621 etium
915 586 971 621 esse
989 573 1117 637 pejorems
1136 573 1196 638 quie
1211 578 1239 623 et
1256 586 1354 633 sena,

262 649 379 698 illoturos
392 655 442 698 est.
461 648 536 697 ldctrr.
825 647 947 698 bommut
959 648 1159 711 ionormione,
1174 647 1355 698 'Senoutho-

298 727 348 776 {lot
361 726 481 775 murm-r
493 740 541 774 vos
550 725 607 787 erit,
621 724 661 774 ult'
678 729 705 773 tu
719 723 792 787 uoles,
825 724 919 773 minem
941 739 1044 774 censum
1065 738 1141 775 orere
1162 724 1232 788 leges
1253 738 1306 774 nou
1324 722 1357 772 ri·

262 802 303 852 uli
324 807 414 865 tempus
440 801 485 850 tibi
515 799 572 863 erit]
599 800 791 865 Preterquum,
826 799 909 849 nunt?
927 799 1002 850 idem.

262 876 331 943 qnod
353 874 431 925 officii
452 873 601 925 comitatem
627 874 684 923 bec
711 873 790 924 verbu
858 874 929 936 Infra
948 876 1043 940 infimos
1058 875 1134 925 esrem
1151 872 1221 939 pute]
1235 871 1317 926 0vid.
1330 888 1357 923 v.

263 953 422 1016 exprimunt,
436 951 541 1013 insuper
560 949 689 1014 ingenium
708 963 790 999 mere·
825 949 906 999 Trirt.
919 963 946 999 v.
959 950 1035 1014 Eleg.
1045 955 1070 1000 8.
1086 949 1166 1001 ‘Mon
1178 949 1245 1000 odeo
1256 948 1353 1010 cecidi,

262 1031 357 1081 trlcum
378 1035 406 1078 et
429 1028 564 1087 occisuros,
590 1024 682 1090 quibos
705 1040 791 1075 emun-
826 1025 941 1088 quemvis
961 1025 1087 1090 objectus,
1102 1034 1132 1076 nt
1150 1024 1218 1076 infru
1235 1026 1275 1075 'l'e
1292 1040 1355 1091 quo·

263 1106 327 1156 tium
339 1104 507 1169 cupiditatem
527 1102 589 1151 dum
606 1100 736 1164 differunt,
752 1102 790 1151 ln·
826 1115 877 1165 que
892 1102 950 1163 sim,
967 1100 1074 1151 inferius
1091 1116 1142 1168 qno
1156 1102 1219 1152 nibil
1234 1117 1296 1154 esee
1312 1116 1359 1166 po·

263 1182 389 1243 cendunt,
409 1187 527 1244 spectare
554 1176 683 1227 videntur.
708 1178 791 1242 possis
828 1175 897 1228 test!
916 1178 1058 1228 Fomoblue.

262 1257 415 1308 describere
430 1254 517 1304 verbis
528 1253 614 1303 Piuuli
625 1253 651 1302 iu
663 1252 790 1303 Militem.
819 1270 823 1277 ·
859 1257 890 1303 87
910 1254 959 1310 Qui
979 1255 1034 1304 lruic
1054 1253 1160 1303 ssimum
1179 1252 1299 1304 mutui
1316 1252 1358 1302 ivr·

262 1338 290 1384 8.
301 1337 341 1383 86.
351 1335 400 1382 dre.
423 1331 579 1380 ‘Treceottc
592 1336 790 1393 poseuotcsoue
826 1328 937 1392 duxeris]
954 1328 1082 1393 Proprie:
1099 1342 1158 1378 nem
1174 1327 1358 1378 suimusimlu·

263 1408 364 1472 colligi:
382 1408 440 1458 bion
457 1405 527 1455 domi
539 1412 588 1466 ιιι,
601 1404 666 1454 obiit
677 1405 791 1454 embolu-
828 1404 896 1455 citur
906 1405 1041 1455 adversum
1048 1403 1167 1469 objectes
1177 1402 1357 1456 difficultates.

262 1493 334 1534 tom:
359 1483 464 1543 dormit,
480 1489 598 1543 ornetur,
614 1481 695 1544 ieret,
712 1481 792 1531 Prun-
827 1479 946 1530 Donatus.

264 1559 320 1623 det,
335 1567 419 1624 potet,
436 1564 563 1622 occupet·
574 1563 624 1618 eet,
641 1570 728 1620 operes
739 1570 790 1607 non
859 1558 892 1604 88
910 1557 933 1604 Ε
943 1556 1043 1621 μω
1060 1561 1085 1606 te
1096 1561 1176 1620 petor·
1191 1555 1270 1607 cibun
1288 1570 1358 1622 pene

263 1643 315 1698 eet,
330 1650 382 1685 non
398 1641 494 1700 potest.
527 1634 658 1694 Quentum
676 1632 714 1682 vis
732 1646 791 1696 pro-
827 1631 943 1695 orbum]
958 1631 1033 1681 Unde
1048 1631 1104 1682 eine
1114 1630 1209 1682 domno
1224 1640 1273 1683 ent
1289 1634 1357 1683 msto

264 1710 411 1762 lullonum!
430 1710 555 1760 &elerum
828 1707 890 1756 nibil
903 1714 990 1769 potest
998 1705 1102 1757 uut'ervi.
1120 1708 1196 1757 Iden.

296 1789 329 1836 88
349 1787 397 1835 Ubi
409 1791 501 1848 ternpus
516 1783 561 1833 tibi
574 1781 633 1846 crit]
650 1784 710 1834 Nou
722 1797 791 1833 oms-
862 1781 1007 1847 diplom]
1025 1782 1083 1833 Hoc
1102 1783 1237 1845 intelligit,
1256 1797 1308 1833 oon
1324 1797 1358 1833 ex

262 1863 325 1915 tori.
358 1863 392 1911 Et
407 1860 451 1910 ubi
471 1869 499 1910 tn
518 1861 606 1910 voles:
623 1874 673 1910 oon
684 1866 714 1910 ut
723 1873 791 1911 nuuc
829 1855 899 1920 foco,
909 1858 955 1908 eod
967 1873 1000 1909 ex
1012 1858 1096 1909 medio
1107 1859 1170 1922 igni,
1183 1859 1225 1907 vel
1237 1859 1359 1910 inceodIo

262 1937 291 1986 ln
302 1935 388 1986 Milite
399 1935 507 1998 puteris.
526 1935 640 1984 Doestus.
829 1931 947 1984 flemme.
973 1935 1359 1999 Nemuutiquumverbumest,

300 2011 348 2063 tm·
366 2017 457 2075 tempu·
475 2010 520 2060 tv'bi
539 2010 597 2071 crit,
616 2015 654 2060 ecl
672 2009 750 2072 iubet,
769 2009 792 2060 si
828 2007 942 2058 ‘Petere
955 2009 1041 2058 cibum
1054 2023 1069 2059 e
1080 2007 1358 2076 flemmu'mordetque

262 2093 317 2138 tuve
331 2087 454 2151 recipitne]
472 2086 522 2136 iiis
539 2085 613 2136 dictis
633 2092 661 2136 et
679 2086 791 2136 Militem
830 2085 1061 2150 utrumqocsimul.
1072 2084 1360 2150 utoeuciesqnempe·

263 2163 362 2228 repulit
371 2163 403 2213 eb
415 2163 500 2212 enimo
512 2161 670 2223 Meretricis,
685 2170 712 2211 et
723 2176 792 2212 com·
824 2159 867 2224 jus
879 2160 1077 2223 vituperaverit,
1087 2160 1196 2224 bop'usne
1206 2159 1313 2223 sumen,
1325 2176 1358 2211 uu

263 2240 398 2290 mmdovit
412 2237 627 2289 Adolescentem:
643 2246 672 2289 et
682 2237 792 2303 perfecit
829 2234 896 2284 lilius
918 2235 1112 2297 immunitetem,
1135 2237 1176 2286 rel
1198 2237 1359 2301 vorcssiuem.

264 2328 299 2365 ue
319 2315 411 2379 injuris
432 2313 551 2364 videntur
569 2314 639 2378 epod
660 2314 791 2378 ibsidem,
830 2311 866 2361 Et
886 2311 961 2361 simul
981 2311 1039 2361 vide
1057 2311 1199 2362 convitium
1216 2312 1362 2373 redditum,

263 2390 333 2454 qnod
357 2396 450 2452 sponte
469 2391 614 2455 susceperit
635 2390 791 2443 Pbedrium.
829 2389 897 2438 unde
909 2387 1055 2451 conjectum
1077 2396 1132 2438 cet:
1150 2388 1176 2437 id
1188 2395 1239 2452 est,
1248 2388 1285 2439 de
1296 2403 1360 2454 pert·

265 2466 342 2516 Iden.
829 2470 931 2529 pertete
942 2470 970 2514 et
979 2472 1105 2528 egestete.
1122 2464 1197 2514 Iden.

297 2546 329 2592 88
347 2543 451 2606 Apparet
466 2557 559 2593 arnum
572 2544 633 2593 burto
644 2545 791 2594 esecdomlei
862 2542 886 2589 E
899 2540 1008 2604 flumme,
1020 2539 1073 2604 ipo]
1091 2540 1188 2604 Epulas
1201 2556 1248 2604 pro
1260 2539 1361 2592 inferiis

263 2619 385 2682 pmpcru‘s]
402 2619 538 2668 Tristiotes
558 2621 625 2669 enim
646 2628 704 2669 suot
724 2621 790 2669 servi
828 2617 856 2666 iu
876 2631 965 2679 rogum
984 2619 1110 2681 conjicere
1128 2618 1206 2666 moris
1225 2629 1300 2678 eret,
1316 2634 1361 2667 ex·

265 2710 417 2759 pauperum,
434 2704 462 2744 et
479 2695 512 2743 ob
530 2696 577 2743 boc
593 2697 675 2757 ipsum
688 2698 791 2760 nequio-
830 2701 920 2743 tremae
940 2702 1026 2743 eutem
1045 2695 1219 2745 mendicitatis
1234 2704 1263 2745 et
1278 2698 1360 2760 impu-

264 2786 314 2820 ιιι.
326 2778 353 2820 et
362 2772 409 2818 hoc
421 2770 511 2818 melino
519 2777 591 2817 erut:
604 2771 718 2833 quumvis
728 2770 790 2820 iliud
830 2771 925 2819 deotiae
935 2770 1080 2820 hibebatur
1092 2771 1152 2820 inde
1164 2771 1247 2821 cibum
1259 2781 1360 2835 petere.

265 2847 341 2894 uliter
352 2846 486 2893 Parasitus
496 2852 618 2907 exponet.
637 2847 710 2894 Idem.
829 2847 942 2896 Lucilius
969 2847 1037 2910 apud
1067 2847 1179 2897 Nonium
1200 2848 1225 2896 in
1248 2848 1360 2897 Marcei.

297 2921 397 2969 Domini
423 2921 533 2982 pauperie
558 2920 696 2985 miserique]
720 2924 792 2973 Bene
832 2923 985 2972 ‘Mordicus
1004 2931 1095 2985 petere
1113 2921 1361 2972 nurumexflnmrnu

264 2994 383 3043 additum
403 2994 498 3042 miseri:
515 2995 576 3059 quiu
597 3010 646 3046 non
669 3001 793 3049 continuo
830 2999 984 3063 expedist,e
995 3015 1067 3049 coeoo
1079 3000 1218 3050 cibum’et
1229 3002 1361 3050 Catulino:

262 3085 367 3135 pauper
379 3072 457 3119 etium
470 3070 606 3121 miserest.
622 3074 696 3124 Idem.
831 3077 838 3104 ‘
851 3077 923 3125 Uxor
934 3076 1048 3138 Meneni,
1064 3090 1133 3139 supe
1149 3091 1223 3140 quum
1236 3077 1264 3124 iu
1275 3081 1361 3139 sepul·

298 3153 330 3197 88
348 3149 412 3196 Nom
423 3148 498 3197 bercle
509 3163 574 3197 nemo
589 3149 680 3214 posset]
696 3152 792 3201 Secnu·
832 3152 910 3200 cretis
932 3151 1040 3199 Vidistis
1059 3152 1114 3214 ipso
1133 3165 1224 3215 repere
1243 3150 1277 3199 de
1296 3166 1361 3216 rogo

263 3225 326 3275 dum
339 3226 475 3287 illud,Ait,
491 3227 538 3283 oio,
557 3228 685 3289 approbat
696 3230 792 3292 parosi-
831 3225 948 3289 coennm‚'
964 3231 1014 3276 dre.
1031 3228 1078 3276 boc
1095 3226 1229 3276 factitasse
1244 3242 1358 3291 scurras,

264 3310 308 3351 tue
331 3304 398 3366 quod
418 3304 495 3352 Miles
516 3303 589 3353 dixit.
623 3305 793 3366 Etestordo,
830 3303 945 3352 meminit
966 3304 1131 3363 Plutarchus,
1148 3303 1305 3364 βωμολοχοῦν
1320 3302 1360 3352 uui

266 3379 335 3427 Num
354 3379 440 3427 hercle
459 3379 521 3427 sutis
539 3380 601 3439 scio,
620 3394 694 3429 nemo
707 3388 793 3443 posset
828 3377 1061 3439 πλονόμενοογένοι.
1079 3379 1220 3428 Forocbius.

266 3455 335 3502 hunc
348 3456 459 3517 perpeti,
477 3456 521 3518 qui
541 3456 649 3505 heberet
663 3458 706 3520 qui
718 3472 793 3520 pern·
862 3461 894 3504 tu
910 3456 1077 3519 dempsimus]
1103 3456 1198 3505 Odium
1216 3455 1361 3505 Parmeno·

269 3538 311 3578 rct
323 3531 399 3576 slirrm
412 3545 525 3578 servum.
542 3531 616 3580 Idem.
830 3532 879 3592 ule,
891 3540 918 3581 ct
930 3532 1087 3581 stomachum
1098 3532 1187 3580 militis
1199 3532 1249 3580 istu
1261 3532 1360 3582 indicet

300 3606 363 3653 Nom
374 3606 450 3653 hercle
461 3621 527 3654 semo
536 3608 626 3669 postet]
639 3607 722 3656 Alium
734 3623 793 3657 ceu·
829 3606 972 3657 festinatio.
995 3616 1021 3656 et
1040 3607 1106 3661 dom,
1123 3608 1267 3672 increpetio
1280 3621 1358 3657 mora

264 3694 319 3728 sum
340 3680 502 3727 subtiliorem
521 3683 633 3743 assignet
653 3683 793 3745 Pumilus,
829 3691 878 3731 est.
897 3684 1014 3732 Donatus.

264 3770 340 3822 qnam
352 3770 426 3819 quem
438 3755 541 3805 dixerut
552 3759 638 3806 Miles.
654 3759 728 3806 Idem
861 3759 946 3806 domoc
964 3758 1035 3820 imus]
1051 3758 1161 3808 'lterum
1184 3766 1261 3821 urget
1283 3759 1357 3809 Thai-

297 3837 329 3882 86
348 3833 397 3887 Qui
415 3831 511 3880 baberet
531 3833 571 3894 qui
592 3832 699 3895 peroret]
717 3834 792 3884 Prius
829 3833 886 3882 dem
905 3835 977 3882 miles
996 3834 1028 3881 ud
1049 3834 1169 3883 eundum.
1188 3849 1298 3898 cumque
1316 3837 1358 3884 ius

266 3909 325 3970 Qui,
343 3920 496 3970 pronomen:
515 3922 624 3971 sequens
645 3908 791 3958 adverbium
829 3909 925 3972 aliquid
938 3924 1014 3957 morto
1028 3910 1216 3972 interponeret,
1234 3924 1284 3958 ooo
1302 3911 1357 3959 sine

231 4043 235 4048 Ι
266 3993 316 4035 eut.
334 3985 408 4033 Idem.
829 3982 980 4043 offensione,
999 3992 1027 4033 et
1049 3984 1142 4035 t'utruae
1166 3987 1218 4034 litis
1239 3988 1356 4049 augurio,

298 4066 330 4111 86
348 4063 423 4117 Quem
440 4076 483 4121 ego
498 4074 548 4109 esse
565 4064 621 4123 puto
636 4061 703 4121 infru
717 4062 792 4112 omnis
827 4074 870 4120 ego
888 4059 941 4107 birro
959 4060 1024 4121 obeo,
1042 4061 1142 4124 inquit:
1165 4069 1191 4110 tu
1202 4064 1279 4111 utrm
1289 4079 1357 4127 oppe-

266 4137 358 4198 iufimm
376 4137 489 4201 tomum]
505 4136 616 4186 Multum
635 4137 709 4195 dixit,
726 4137 792 4198 iesvs
826 4134 884 4183 rire.
897 4136 937 4182 cui
951 4134 1021 4183 dicto
1031 4138 1214 4198 peruritussuo
1226 4151 1358 4189 moterlo·

265 4210 359 4274 infimos
376 4216 451 4265 cuerit
469 4213 581 4264 mmro.
599 4226 657 4264 nem
672 4216 719 4265 bec
734 4229 789 4265 seo·
828 4211 874 4263 tim
883 4211 1008 4261 tutionem
1017 4212 1159 4264 edulutorie
1168 4215 1284 4279 subjicit:
1297 4232 1358 4282 que·
