2828 5212
357 111 525 155 inuisum
559 112 720 158 spirutu.
748 116 825 157 ιιι.
854 118 898 160 ιι,
925 123 973 159 su.
1001 122 1039 161 ιιι
1165 106 1248 165 1215

158 263 209 312 qim
221 250 323 297 nomine
335 252 434 313 antiqui
447 267 523 313 greve
539 255 623 301 viuum
642 270 685 316 ap·
722 268 796 317 quam
817 257 838 303 si
857 257 947 305 littore
965 258 1090 307 dixisset:
1115 266 1143 309 et
1160 269 1247 322 potest

159 324 303 388 pellsbsnt,
314 340 345 375 eo
357 328 425 391 quod
439 336 554 378 tentaret
564 336 686 390 mentem,
722 329 804 379 sideri
816 332 914 395 sliquid
926 341 991 383 nutu
1000 333 1155 396 signifiesre.
1174 337 1247 386 idem.

158 401 186 451 id
202 411 253 460 est,
270 402 451 453 isbeisetsret.
469 404 540 468 Virg.
563 405 686 453 ‘Tenuis
756 407 806 462 st'
826 407 887 457 isise
904 408 988 469 fucere
1007 409 1134 459 Iissscbss
1156 412 1248 475 potnit]

155 492 208 545 qne
225 478 337 541 hgaeos
354 478 497 528 Tentsturs
515 479 594 543 pedes
616 480 685 541 olim,
721 480 820 531 lterum
839 484 990 547 eutigsnds
1007 491 1048 535 est
1063 485 1171 548 ineptis,
1188 502 1247 552 que

155 552 330 618 rinotursque
339 554 472 618 lingnam!
488 555 607 605 Dosolss.
721 557 747 605 in
760 557 858 609 Donstl
869 562 1054 612 eommeutsrio
1065 562 1175 627 iegitur:
1192 563 1249 614 ‘Is-

190 629 328 679 reniam
337 629 376 693 ss]
391 630 486 679 Ebria:
505 637 640 692 temetum,
651 630 686 680 si·
721 639 761 683 isc
773 631 865 693 secere.
882 636 1023 700 honestius,
1039 637 1108 701 opud
1126 638 1248 703 puellum,

156 709 384 757 sustuleram.
407 702 686 768 Thulluoboslleporos.
721 721 796 771 qusm
824 711 846 758 si
865 712 953 760 sitisse
977 711 1104 763 dixisset)
1124 712 1248 763 hsetenus

156 778 301 835 Fufidius.
722 783 797 834 bens.
808 801 962 851 quemquern
972 788 1028 839 hec
1038 803 1141 854 queque
1149 792 1248 841 minute

192 848 293 905 vunan
309 856 344 906 sie
361 855 419 917 sint,
435 856 476 919 qui
493 856 553 905 milii
568 856 628 906 mnis
645 873 683 907 oo·
721 861 804 923 possit
815 862 896 911 videri
912 862 1051 926 industria,
1063 880 1120 914 cum
1133 865 1248 930 ipsspu·

156 930 221 993 int]
238 930 318 979 Bene.
329 946 379 979 non
391 932 564 994 ebriamesse,
574 934 598 981 in
607 934 684 982 mule·
721 937 771 986 ells
782 937 916 1002 (Pythias)
928 930 1003 988 modo
1020 941 1134 991 dixerit:
1151 944 1159 970 ‘
1171 944 1248 1008 virgi·

156 1005 255 1056 dietum
268 1007 362 1057 vertit:
388 1009 460 1072 qumi
480 1024 541 1060 vero
563 1012 685 1059 temuleu·
720 1025 779 1061 uem
791 1012 908 1063 vitisvit'
929 1015 973 1064 sed
986 1016 1054 1078 quod
1066 1017 1248 1081 sequitur,‘et
1269 1071 1271 1077 ,

157 1080 436 1143 sumersetensium
448 1084 490 1133 sit.
524 1085 627 1134 Annon
640 1100 683 1134 oe·
722 1088 1248 1156 potestviderialiquidnntuoignlficare:

155 1166 202 1224 get
212 1175 241 1210 se
249 1173 307 1209 esse
320 1160 427 1221 ebriam,
439 1161 483 1209 sed
496 1177 545 1210 non
563 1163 629 1224 vino,
641 1178 684 1213 ve·
721 1176 797 1227 qusm
809 1171 851 1213 est
860 1165 995 1228 sepiem?
1012 1167 1141 1219 Boeelenu.

155 1248 213 1285 runt
230 1236 298 1285 molo
316 1235 411 1285 ebrium
423 1239 478 1285 vult
493 1238 617 1302 intelligi?
633 1239 684 1288 Do-
754 1240 969 1302 Ego‘illumsescio
980 1243 1248 1308 psisuerithithrrlu.

156 1317 235 1362 uiso.
722 1315 793 1364 Bene
806 1317 898 1364 sitsvit
914 1317 1032 1367 Eunuchi
1050 1333 1151 1383 nomen,
1163 1329 1192 1370 ut
1211 1322 1247 1369 vi.

192 1389 292 1439 Utissss
299 1389 334 1437 sis
343 1388 393 1437 sint
403 1388 443 1451 qui
454 1389 512 1437 mihi
521 1390 581 1438 mole
590 1389 684 1453 solunt]
721 1391 800 1439 tissse
813 1391 946 1454 Virginem
960 1392 1078 1443 obtinere
1091 1395 1181 1458 possiti
1195 1395 1246 1444 Do·

158 1462 267 1528 Optime
277 1466 417 1525 sententis,
432 1479 507 1528 quem
523 1465 642 1514 Donatus
657 1474 685 1516 et
721 1471 798 1515 sotus

154 1539 277 1604 Guyelns
288 1542 426 1603 explicant.
437 1541 647 1602 mulereponitur
657 1552 685 1591 et
756 1547 787 1591 ld
802 1542 857 1593 Hos
866 1544 927 1606 quod
937 1543 1009 1600 sccii,
1023 1557 1062 1592 m
1076 1542 1129 1606 ipso
1144 1545 1248 1609 indicos]

158 1622 273 1665 temere:
290 1616 382 1664 missos
391 1617 427 1664 sie
437 1615 490 1664 sill
507 1616 547 1677 qui
556 1615 615 1664 mihi
626 1617 685 1665 mois
722 1617 795 1666 Bene
808 1625 834 1665 et
849 1618 973 1681 expedite
983 1628 1135 1683 arguments
1146 1622 1247 1685 conjec-

158 1692 247 1765 Μ.
264 1691 408 1741 Boeclerns.
723 1699 786 1742 turos
797 1694 905 1759 colligit.
923 1693 1093 1743 conferendus
1109 1704 1149 1745 est
1159 1697 1248 1745 similis

192 1766 303 1828 Utinm,
319 1766 373 1830 iso]
388 1764 476 1814 ‘istuc
493 1765 601 1814 inimicis
618 1765 686 1814 siet!
723 1769 792 1819 locus
804 1769 916 1833 Adelph.
927 1784 971 1820 ιιι.
987 1775 1011 1820 t.
1023 1775 1063 1820 Βῆ.
1079 1774 1128 1821 &e
1144 1775 1248 1837 egregie

157 1840 303 1893 Resutont.
321 1851 408 1891 πω.
426 1845 532 1890 scens.
557 1841 685 1892 ‘Evenist
721 1855 808 1895 sutem
835 1848 950 1909 signetur
977 1847 1081 1909 virginis
1107 1849 1246 1900 imminutus

157 1917 253 1967 nostris
262 1916 377 1966 hortibus
389 1915 539 1980 illepudor.'
552 1916 630 1967 Ovio.
640 1918 684 1967 lib.
721 1919 802 1971 πόθος.
821 1922 952 1972 Boeclerus.

156 1993 286 2057 trs-Eleg.
303 1992 443 2043 Famuline.
755 2002 784 2047 lt
808 1998 944 2061 Virgoipm
962 1999 1088 2061 mmet]
1113 1999 1189 2050 Nune
1208 2015 1248 2049 os·

190 2074 223 2120 1⁴
239 2070 296 2121 Mes
308 2069 423 2133 Pythius]
437 2070 502 2131 Meu,
514 2076 541 2117 et
552 2083 602 2117 mou
610 2074 645 2127 ts,
656 2074 685 2120 et
722 2073 806 2123 tendit
816 2074 877 2137 quid
890 2073 994 2136 feeerit,
1003 2082 1031 2124 et
1041 2073 1159 2125 ostendit
1170 2090 1245 2141 argu-

158 2145 288 2208 animet
306 2146 357 2194 slis
374 2144 560 2209 hujuscemodi,
573 2144 685 2195 mulieri·
722 2147 822 2197 mentis.
839 2147 959 2197 Donatus.

158 2218 206 2273 bus
216 2228 348 2287 splssunt
367 2220 549 2270 blandimenta.
566 2220 685 2271 Donatus.
755 2214 838 2285 Neque
852 2238 905 2271 sum
920 2224 1021 2285 rogites,
1039 2225 1097 2287 quid
1116 2225 1160 2285 sil,
1176 2226 1248 2275 sudet

188 2300 332 2351 semem
347 2315 399 2349 meo
415 2297 529 2362 Pythius]
546 2298 587 2347 Αιι
599 2312 684 2360 egres·
720 2298 809 2361 disere]
827 2300 902 2350 Qsiod
913 2300 935 2348 si
950 2300 1088 2350 verbersts
1098 2302 1186 2350 esset?
1201 2301 1246 2350 sed

157 2390 221 2438 sm,
228 2376 308 2427 veluti
317 2375 349 2426 sd
359 2373 496 2438 fugitivum
506 2372 685 2439 requirendum
721 2388 772 2423 non
785 2372 895 2438 puderet
905 2375 987 2437 queri.
1020 2374 1085 2424 Hoec
1105 2382 1191 2425 sutem
1209 2376 1246 2425 ln-

157 2448 686 2517 Pythisdem‚consequituralterssuellis
717 2448 787 2514 jurio
803 2447 870 2511 opud
883 2447 1015 2513 Virginem
1035 2463 1085 2498 non
1105 2448 1185 2498 hsbet
1203 2464 1248 2500 uo·

157 2506 275 2589 horim
292 2542 325 2576 sn
339 2527 423 2576 sdhnc
435 2526 460 2574 in
472 2541 547 2574 scens
559 2525 684 2581 substitit,
720 2540 788 2575 men.
807 2526 882 2575 Idem.

157 2602 267 2655 necdum
282 2602 386 2651 domum
405 2603 529 2664 ingressa,
548 2599 684 2664 Pythisdis
754 2605 784 2651 18
802 2600 886 2650 Bosss
895 2601 945 2665 sir]
963 2600 1095 2665 simeonis.
1112 2604 1246 2653 nonenim

159 2692 276 2729 mous
286 2678 375 2727 sudito
387 2677 517 2726 securrit?
533 2675 623 2725 debuit
639 2691 683 2724 ssi·
715 2679 771 2744 jsm
783 2680 930 2729 Eunuchus.
948 2680 1021 2730 Bene
1033 2681 1112 2744 igitur
1122 2681 1176 2731 oir:
1187 2683 1248 2746 quis

160 2762 211 2807 tem
228 2754 331 2816 edesse,
349 2762 378 2803 ut
395 2751 472 2802 turbs
489 2753 587 2812 domus,
605 2752 684 2818 trepi-
720 2755 770 2806 hoc
782 2756 853 2804 illum
865 2771 921 2805 esse
932 2756 1077 2805 contendit.
1093 2747 1168 2804 idest

157 2831 261 2881 detione
279 2829 383 2881 ismiiiae
407 2829 517 2892 emplius
534 2827 685 2877 ostendatur
755 2830 879 2892 Nusquam
897 2831 1007 2894 opporet]
1034 2831 1142 2880 Nescius
1162 2836 1246 2879 utrum

158 2907 298 2957 Phaedsiae.
331 2906 411 2955 Vultu
440 2919 501 2967 ergo
532 2903 684 2966 perturbato
721 2902 784 2970 fuge
803 2905 858 2968 ejus
881 2913 1022 2969 quaretur,
1042 2919 1074 2953 su
1094 2905 1178 2967 culpe.
1200 2903 1246 2953 sed

157 2984 213 3035 hsee
232 2984 303 3048 loqui
320 2982 482 3045 intelligitur.
496 2981 557 3028 illud
578 2996 638 3040 meu,
657 2988 685 3030 et
721 2990 833 3045 constet,
855 2983 911 3032 haec
927 2989 1079 3047 arguments
1095 2995 1161 3042 esse,
1177 2981 1246 3045 quod

157 3072 227 3123 m,
241 3075 294 3108 oses
309 3062 346 3120 ts,
364 3055 496 3107 familiaris
517 3056 685 3105 blandimenti
721 3057 777 3122 ipse
790 3058 913 3120 virginem
926 3058 1066 3106 vitiaverit.
1084 3056 1158 3105 Idm

158 3132 684 3197 sunt,sedhieexconsuetudiuepertur·
755 3133 836 3183 Elium
857 3134 900 3181 hoe
921 3134 1007 3182 mismo
1028 3133 1145 3196 suspicor]
1173 3133 1247 3182 Bene

157 3210 255 3263 buoni
272 3212 387 3262 serviunt
405 3213 473 3263 iuter
487 3210 629 3260 studimini
647 3225 685 3258 re·
722 3202 810 3259 etium:
834 3208 894 3273 quis
906 3215 934 3257 et
945 3207 993 3257 hoe
1005 3208 1161 3272 suspicetur,
1173 3209 1249 3272 virgi·

159 3291 290 3355 quireutes
302 3301 330 3340 et
341 3290 506 3339 admirantes.
524 3288 651 3337 Boeclerss.
722 3299 780 3335 nem
794 3284 919 3335 vitiatam.
937 3284 1012 3334 Idem.

190 3366 257 3422 Quis
266 3367 381 3415 ieiunum
393 3364 490 3414 monstri
494 3363 559 3427 fuit]
583 3358 686 3427 Quippe
756 3362 838 3411 Elium
853 3363 895 3411 isos
912 3361 998 3410 misero
1015 3360 1132 3424 suspicor]
1156 3360 1249 3417 Adbuc,¹
1325 3404 1327 3408 ,

159 3446 286 3493 nsanos
304 3448 346 3490 est
362 3454 435 3489 omne
452 3449 542 3488 contro
557 3446 685 3487 naturum.
723 3445 842 3505 tanquam
859 3438 891 3487 de
908 3452 982 3487 serso
993 3436 1103 3502 fugitivo
1120 3439 1248 3503 loquitus;

161 3513 190 3565 si
198 3516 274 3580 ipsus
286 3515 425 3565 Eunuchus
437 3522 485 3578 est,
492 3522 520 3563 et
528 3514 627 3564 vitiavit
638 3514 686 3563 vir·
722 3514 766 3579 qui
777 3512 863 3577 t'ugsm
875 3514 1024 3578 plerumque
1035 3527 1093 3561 eum
1104 3510 1174 3561 furto
1186 3526 1246 3561 son·

163 3588 686 3656 eioem,contmresumuntummfsctnm
717 3591 872 3656 Juugebsnl¹
900 3591 967 3641 siout
998 3589 1124 3654 expressit
1151 3590 1248 3639 Noster

160 3674 246 3730 sst,et
257 3676 331 3718 recte
343 3677 483 3717 monstrum
495 3671 543 3714 est.
576 3666 611 3714 Et
623 3664 686 3712 ordo
722 3665 876 3714 Phormione
895 3679 915 3714 r.
930 3669 956 3714 l.
976 3669 1015 3714 ts.
1041 3669 1079 3714 ll.
1101 3664 1247 3726 suspicatur

160 3752 209 3805 est,
220 3744 287 3801 Quid
304 3743 421 3792 moenam
430 3739 608 3800 monstrisuill
632 3741 686 3790 Do·
723 3749 808 3791 sutem
821 3741 868 3791 hoc
877 3741 984 3805 Pythias
995 3754 1028 3789 ex
1039 3739 1136 3788 sneillis
1144 3736 1247 3786 Thaidis

160 3831 243 3874 ustus.
723 3820 858 3881 promtior,
866 3818 933 3867 etad
943 3831 995 3865 rem
1004 3815 1155 3864 familiarem
1163 3822 1248 3864 utten-

191 3903 220 3947 lo
240 3898 291 3955 st'
302 3897 451 3956 islssfncere
460 3894 586 3945 Eunuchos
595 3893 686 3957 potuit]
724 3895 864 3954 tior‚etcui
872 3895 949 3942 Thais
957 3893 1030 3940 domo
1040 3891 1154 3953 digressu
1162 3892 1247 3940 omnia

161 3977 325 4039 densescere,
342 3974 473 4025 honestius
485 3971 553 4037 apud
567 3973 687 4036 puellam,
723 3973 838 4025 eursnds
846 3970 1078 4023 commendaverat.
1097 3966 1225 4017 Recolens.
