2828 5212
161 308 248 374 1262
511 320 619 371 noua
644 320 841 372 vnntoaun
868 322 907 371 nt

162 468 209 517 tia.
227 464 369 516 Fet-rubino.
725 480 768 513 ror
785 464 971 514 intermixtum.
988 478 1047 514 mnu
1064 464 1108 515 bie
1125 452 1192 516 o'rdo
1208 470 1248 531 ιιι,

194 543 255 591 iude
263 541 470 603 onuibnuuignum
479 540 550 604 dubo]
558 540 688 604 tauquam
724 542 792 591 Sene
802 543 844 591 liic
860 543 955 592 nebulo
965 552 1013 606 ert,
1024 556 1057 592 ne
1070 550 1183 593 metuar.
1212 544 1250 593 An

162 634 213 668 nou
230 618 348 667 omuibus
367 617 423 666 dari
441 619 532 681 poenit,
545 617 565 666 ιι
585 616 688 666 aliunde
724 618 766 667 bie
777 620 826 668 erit
838 618 901 668 ordo
912 627 940 668 et
951 634 1050 680 acauno,
1061 628 1092 669 nt
1103 620 1138 669 ιιι
1145 618 1251 683 dictata,

161 696 246 745 detur.
257 696 374 743 Douutur.
726 697 768 747 Ne
777 703 894 747 metuar:
913 711 975 747 rane
986 698 1029 763 qui
1042 696 1091 747 tibl
1102 698 1144 747 vir
1151 697 1252 749 ridetur

196 779 226 824 ld
254 773 323 835 iperii
340 773 386 822 ribi
400 773 464 823 auoit
480 772 540 836 loeo]
565 772 606 823 Αιι
626 772 689 822 Loco
725 784 790 835 erue,
799 773 840 822 liic
852 771 947 823 nebulo
957 788 1065 837 magau·
1076 782 1128 824 eut.
1154 772 1254 825 aare·

162 851 322 914 simpliciter,
340 850 401 915 quia
416 856 476 913 pout
492 849 634 912 principia?
655 864 687 899 ιιι
725 853 767 897 te:
797 862 854 897 unm
876 849 1023 898 obterretur
1045 848 1210 914 adoleueeno,
1228 856 1253 901 et

162 927 235 987 Ioco,
246 927 271 976 iu
283 927 350 989 loco,
362 932 507 989 opportune
523 931 551 974 et
563 924 688 988 edraim?
725 928 803 971 aetuto
816 925 995 989 lllilitia,quod
1009 926 1065 989 jam
1085 926 1125 975 vir
1142 932 1202 976 ent:
1227 932 1255 976 et

160 1002 334 1053 Terentiuein
345 1000 480 1064 Adelphis,
491 1001 650 1050 ‘Pecuniam
662 1001 687 1049 in
724 1000 910 1064 magnitudine,
924 1001 994 1065 quod
1008 1016 1114 1067 inagna·
1126 1008 1254 1068 corporee¹

161 1078 219 1127 loco
241 1077 381 1141 negligere,
401 1075 532 1125 interdum
550 1077 687 1125 niaximum
725 1089 783 1138 quae
795 1083 903 1141 utraque
915 1078 941 1126 in
958 1078 1003 1127 illo
1018 1093 1084 1128 rana
1094 1092 1162 1144 etue,
1172 1092 1255 1130 mue·

160 1152 327 1206 rutinorum!
359 1152 402 1202 An
413 1166 470 1216 pro,
480 1152 595 1202 deloco?
611 1152 688 1203 Iden.
727 1152 777 1199 tria
799 1158 828 1201 ut
849 1160 958 1216 experta
977 1153 1125 1206 denuntiat.
1158 1154 1254 1205 Neleia

197 1236 227 1281 ιι
246 1231 312 1279 Idem
322 1229 424 1288 leucium
435 1228 545 1293 Pyrrlur
551 1226 689 1291 factitavit]
725 1234 823 1291 autent,
835 1229 875 1278 vel
885 1229 977 1293 inanis,
984 1231 1026 1279 rel
1037 1238 1182 1294 rennuunt
1192 1232 1256 1282 rnol-

161 1308 257 1357 irridet
275 1306 377 1371 quidem
394 1306 493 1356 Poeta:
518 1312 688 1354 veruntamen
725 1304 765 1366 lin,
780 1314 810 1354 ιιι
825 1312 865 1355 ιιι
884 1307 989 1369 nebula,
1008 1307 1117 1357 dicitnr.
1150 1308 1189 1361 Et
1204 1307 1254 1359 boe

160 1383 285 1445 ostendit,
306 1380 417 1431 otlicium
441 1381 611 1445 Imperatoria
638 1381 688 1430 hoc
725 1377 841 1443 ripariolis
850 1380 948 1430 dictum
959 1390 1008 1432 ert.
1036 1382 1180 1446 Meretrix,
1190 1382 1257 1433 suna·

163 1476 229 1521 erue,
248 1474 281 1509 ne
303 1475 331 1510 oe
349 1461 375 1509 in
396 1461 538 1524 perieulum
556 1458 687 1523 projiciat.
725 1461 766 1504 tra
788 1463 947 1506 metuentem
971 1456 1113 1521 corripiam
1129 1458 1255 1511 curem

161 1536 205 1585 Sic
223 1536 369 1598 Sallustius,
387 1537 443 1585 ‘Et
463 1536 490 1584 in
511 1535 607 1599 praeliiu
627 1544 688 1585 actu
726 1538 788 1593 tem,
799 1530 901 1588 ‘Sane,’
914 1533 1102 1598 inquit,‘qnod
1119 1532 1170 1585 tibi
1186 1548 1255 1585 nnnc

160 1611 312 1674 proruptus!
344 1612 380 1661 Et
396 1611 444 1660 luoc
464 1618 557 1672 totum,
574 1611 645 1674 quael
661 1610 688 1659 in
725 1607 766 1656 ιιι
775 1607 897 1657 videatur
908 1608 985 1657 erae.'
999 1616 1026 1658 et
1039 1608 1124 1672 deeet,
1135 1609 1195 1659 Non
1204 1616 1257 1660 eut:

162 1686 287 1737 palliata:
305 1688 352 1736 aed
365 1700 515 1736 concernunt
527 1686 617 1735 Politia
628 1685 687 1735 fuit.
725 1691 754 1733 ut
763 1684 806 1746 ult,
817 1685 877 1751 Non
889 1692 930 1734 eut
941 1684 1010 1750 quod
1022 1685 1068 1735 tibi
1080 1700 1149 1737 nnnc
1160 1686 1204 1735 ιιι
1219 1686 1258 1735 vl·

162 1761 373 1825 Pyrrbnuautem
384 1762 689 1825 peritiuuirnuertratage·
724 1758 897 1811 deatureurea
923 1761 965 1811 liic
981 1761 1197 1827 nebulomagnuo
1207 1770 1257 1813 eet.

159 1845 249 1886 matun
268 1835 333 1886 fuit:
360 1839 506 1901 primaeque
522 1837 687 1902 quemadrno·
722 1834 767 1883 sie
778 1844 806 1883 et
817 1835 939 1898 alibl,‘8l
951 1836 976 1885 in
986 1836 1259 1900 plateabaeteoffen·

160 1912 220 1961 dum
231 1926 264 1961 ea
279 1911 417 1975 disciplina
428 1926 475 1975 per
485 1912 598 1962 calculo·
610 1913 636 1962 in
648 1921 685 1962 ιι-
724 1909 786 1960 dero
803 1920 863 1975 pout
882 1926 1003 1977 unques,
1019 1912 1081 1961 nihll
1100 1912 1163 1977 quid
1180 1912 1258 1963 dicu

159 1988 219 2038 bula
230 1988 377 2037 traderetur
387 1989 511 2039 ortondit.
527 1990 601 2039 Idem.
723 1987 794 2049 mibi,
809 1987 895 2037 Alium
906 1988 1070 2053 querebam:
1087 1988 1139 2039 iter
1148 1990 1201 2039 huc
1211 1990 1257 2040 ln·

192 2065 376 2127 ldmbocjuui
385 2064 579 2129 Pyrrhum]
597 2062 686 2113 ιιιιιιιι-
724 2064 783 2114 bui:
801 2064 913 2128 peristi!
946 2065 984 2115 Ut
995 2066 1039 2128 ιιι,
1056 2065 1114 2115 Non
1126 2074 1167 2115 eut
1184 2066 1256 2131 qnod

160 2148 241 2193 tetam
263 2142 404 2192 Comoediae
418 2143 504 2206 jurat,
525 2140 593 2207 qnod
612 2142 686 2190 bonno
723 2140 795 2190 dicae
806 2142 876 2191 mibi.
894 2142 969 2190 Ideni.

159 2217 241 2280 nihili,
251 2225 279 2267 et
289 2218 382 2267 nebulo
393 2232 510 2280 magnus,
526 2224 555 2268 nt
570 2216 637 2267 lutra
649 2217 686 2267 di·
755 2215 818 2266 Suae
828 2220 890 2281 quod
900 2217 945 2267 tibi
954 2232 1017 2267 ιιιιιι
1029 2218 1068 2266 eir
1083 2216 1145 2281 oid]
1162 2218 1257 2269 Dona·

158 2294 237 2357 citur,
248 2295 445 2345 clarissimorum
462 2294 590 2345 hominnm
601 2308 686 2344 exeun·
725 2299 766 2343 tue
783 2296 873 2358 explet
887 2293 1007 2357 innerpm
1024 2293 1143 2356 ‘Dedan'
1157 2294 1257 2360 inquit,

159 2371 265 2433 plumis
280 2371 385 2433 ineptiis
397 2372 536 2433 prntaxit:
559 2370 601 2420 bic
619 2371 685 2434 Pyr·
723 2370 791 2418 ‘non
811 2380 860 2432 ert,
872 2378 900 2420 ut
918 2371 967 2420 eit:
986 2386 1037 2419 nun
1056 2371 1183 2436 estquod
1205 2372 1255 2422 tibl

159 2446 242 2507 riuum,
265 2445 333 2495 iut‘re
355 2445 507 2495 Herculem.
539 2445 608 2496 'l'otu
630 2445 685 2495 hec
722 2457 791 2495 nune
802 2446 842 2494 vir
854 2446 971 2495 videatur
981 2446 1057 2509 eoua,'
1069 2455 1257 2515 comparatque

159 2538 237 2572 scona
259 2525 348 2586 lepore
369 2532 395 2572 et
420 2522 566 2573 festivitate
588 2525 685 2573 comica
723 2519 833 2569 alterum
847 2522 930 2569 locum
950 2530 1002 2571 act.
1022 2536 1046 2570 v.
1064 2536 1101 2571 ac.
1118 2528 1142 2574 9.
1159 2539 1199 2573 vu.
1211 2528 1254 2575 Sd.

159 2600 289 2659 conditur,
307 2602 374 2648 sicut
386 2601 411 2648 in
428 2599 582 2663 praefatione
598 2609 684 2649 outen-
724 2608 747 2643 ι·
761 2595 838 2651 insta,
849 2604 876 2644 et
894 2597 1085 2647 Chroutomatb.
1098 2615 1153 2648 voe.
1164 2601 1254 2651 Quod.

160 2673 253 2723 dimus.
270 2676 400 2722 Bucieruo.
721 2671 857 2735 Scioppius
869 2675 989 2736 supplet:
1009 2676 1057 2723 'ob
1066 2675 1091 2723 id
1101 2690 1194 2725 nomen
1207 2693 1254 2727 een

189 2749 363 2813 Ppnbunde]
374 2750 538 2812 Epirotarum
546 2763 683 2812 rcx,qucm
721 2748 861 2809 negotium,
871 2750 955 2811 qnod,'
968 2754 1017 2799 &c
1030 2759 1037 2779 ⁴
1047 2752 1080 2799 ab
1091 2767 1122 2800 eo
1131 2752 1169 2799 uel
1178 2767 1211 2801 cx
1223 2768 1254 2801 eo

159 2827 304 2888 Antigonus
323 2827 413 2873 ducem
433 2826 556 2887 optimum
573 2839 683 2888 pronun·
720 2825 824 2885 negotio
838 2840 881 2872 eeu
894 2827 1006 2891 nomine,
1019 2829 1104 2891 qnod)
1122 2830 1254 2880 nectem.

157 2902 245 2960 ciavit,
255 2899 380 2963 liquidem
397 2902 542 2959 coiuacnuit,
554 2910 684 2964 superatas
753 2904 784 2948 lli
804 2901 867 2956 Quid
877 2902 984 2965 uidetur]
1008 2905 1067 2952 Non
1086 2905 1188 2955 diceret
1207 2909 1254 2956 nii·

159 2977 235 3025 variis
257 2977 338 3024 bellis.
373 2975 485 3023 Annibal
510 2990 569 3024 vero
588 2977 683 3039 primun
720 2976 798 3039 lunai
816 2981 938 3027 staretin
956 2984 1104 3030 sententia:
1131 2982 1251 3047 rodjam

158 3052 305 3101 Alexandro
320 3051 402 3111 (ledit,
419 3052 488 3115 qnia,
498 3056 548 3101 dac.
582 3054 684 3115 Pyrrho
721 3055 821 3102 uidetur
832 3057 922 3103 timore
937 3064 1057 3105 mutatus.
1075 3059 1195 3108 Donatua.

157 3129 293 3188 necandas,
304 3130 365 3192 quia
379 3137 464 3177 castra
482 3130 572 3179 metari
586 3131 684 3192 primus
755 3130 819 3186 Quid
832 3132 936 3193 uidetur]
953 3133 1100 3181 Dubitandi
1119 3144 1159 3184 est
1178 3135 1249 3199 quod

157 3206 294 3266 docuimet,
305 3214 517 3269 stratagematum
534 3207 560 3254 in
576 3207 683 3255 urbibus
720 3204 818 3254 dicmur
837 3208 880 3268 ιιι,
894 3208 958 3261 Quid
975 3208 1086 3256 uidetur?
1115 3211 1170 3273 Ego
1187 3226 1253 3261 rane

156 3282 287 3344 capiendis
298 3288 324 3329 et
342 3281 466 3343 presidiis
479 3280 602 3343 ponendis
613 3291 683 3331 esset
720 3282 767 3330 boc
777 3283 888 3331 Militem
899 3292 960 3345 puto
969 3284 1066 3344 dicere,
1075 3301 1151 3348 quiem
1163 3289 1255 3350 paula·

157 3357 336 3419 peritiuuimus,
347 3364 428 3404 artem
440 3357 593 3405 conciliandi
606 3358 682 3405 bomi-
721 3357 766 3405 tim
779 3373 793 3405 a
805 3359 922 3406 violentie
938 3367 1015 3422 atquc
1034 3361 1138 3408 acribus
1155 3363 1252 3425 princi·

155 3446 200 3480 uteo
222 3433 319 3494 optime
342 3433 480 3480 calluiarct.
505 3432 553 3481 eibi
574 3433 683 3496 deniquo
721 3433 770 3495 piis
783 3433 815 3479 ad
828 3441 953 3482 terrorem
967 3435 1142 3500 desidiamque
1155 3440 1251 3500 perdu-

157 3507 255 3568 tertiaa,
275 3511 325 3554 duc.
344 3508 402 3556 Liv.
418 3506 476 3556 dec.
489 3521 528 3556 tv·
541 3508 558 3556 Ι.
571 3523 596 3557 v.
620 3510 682 3558 For·
720 3507 756 3555 cit
768 3509 853 3557 timor.
872 3510 938 3558 Nam
949 3511 1030 3572 primu
1043 3512 1099 3574 ipsu
1111 3516 1252 3579 praecedit,

153 3581 244 3631 nobiae.
719 3591 811 3644 utpote
833 3585 876 3648 qni
903 3586 982 3648 dicat,
1004 3587 1144 3649 Sequimini.
1177 3592 1250 3640 Dum

187 3662 217 3705 15
236 3656 356 3704 Nimirum
372 3658 494 3705 consilium
512 3659 573 3707 illud
591 3664 681 3708 rectum
719 3656 831 3722 denique
848 3662 954 3724 propius
973 3663 1111 3711 deventum
1129 3675 1179 3726 est,
1192 3673 1249 3729 port

154 3732 201 3794 ιιι]
217 3732 279 3780 Illud
295 3738 384 3780 rectum
396 3739 441 3789 ert,
454 3742 480 3782 et
496 3749 563 3782 noua
575 3734 680 3797 locutio,
715 3735 836 3798 principio
864 3737 944 3787 refert
974 3741 1074 3802 pedem.
1108 3742 1174 3791 Post
1190 3744 1249 3805 jam

155 3817 182 3858 et
193 3809 318 3873 ruperiori
336 3808 454 3870 ιιιιιιιιι,ι
469 3810 594 3858 Νιιιιίιιιιιι
607 3812 680 3861 dabit
718 3811 779 3858 nibil
792 3814 847 3873 ipre
859 3814 947 3876 audet,
960 3816 1003 3863 sed
1014 3817 1250 3879 quaritconuilium

155 3888 679 3954 luec'l'haisrnibimagnummalumz'pro
718 3887 838 3937 Parasiti.
871 3892 1001 3955 Denique,
1018 3894 1061 3940 ubi
1077 3895 1192 3943 cominus
1206 3910 1250 3944 ree

154 3964 208 4012 uiue
219 3964 297 4013 dubio
309 3972 407 4014 rectum
420 3973 469 4015 est.
487 3966 604 4015 Donatus.
718 3965 832 4026 gerenda
847 3977 896 4028 eut,
908 3968 973 4015 dixit
986 3970 1069 4029 diune,
1085 3980 1112 4018 et
1129 3972 1248 4021 continet

188 4044 216 4087 15
234 4040 298 4089 Suae
312 4044 371 4105 quud
388 4042 431 4090 tibi
442 4057 503 4090 nuuc
516 4043 554 4089 cir
571 4043 680 4091 uideatur
717 4041 852 4091 innuentem
885 4044 926 4092 Αιι
955 4055 1114 4107 ponticulum
1140 4047 1249 4112 diffisus,

152 4127 211 4172 esee,
221 4116 259 4163 liic
273 4119 362 4165 Nebula
371 4133 469 4179 magona
479 4124 527 4167 esi:
540 4133 568 4166 ne
578 4121 679 4183 metum]
717 4119 802 4167 nescit
814 4118 875 4182 quid
888 4125 962 4179 agat:
976 4121 1008 4169 ad
1019 4124 1158 4185 parantum
1172 4139 1248 4188 epec-

155 4192 277 4254 Figuratu
286 4197 392 4260 lucratio,
402 4205 429 4247 et
440 4206 568 4261 praeterea
579 4195 678 4259 iripfiu-
718 4200 784 4257 lans,
799 4196 863 4251 Quid
873 4197 976 4260 agimur,
986 4198 1086 4262 inquit?
1104 4199 1179 4249 Idem.
